===BOOK=========================================================================
@book{CGTHandbook,
	author = "Holt, Derek and Eick, Bettina and O'Brien, Eamonn",
	publisher = "CRC Press",
	title = "{Handbook of Computational Group Theory}",
	year = "2005"
}

@book{QBook,
	author = "Rhodes, John and Steinberg, Benjamin",
	publisher = "Springer",
	title = "{The q-theory of Finite Semigroups}",
	year = 2008
}

===ARTICLE======================================================================
@article{Pfeiffer04CountingSubGroups,
	author = "Pfeiffer, G{\"o}tz",
	journal = "Journal of Integer Sequences",
	number = "04.3.2",
	title = "{Counting Transitive Relations}",
	volume = "7",
	year = "2004"
}

@article{NumOf3NilPotentSgps2012,
  author    = {Andreas Distler and James D. Mitchell},
  title     = {The Number of Nilpotent Semigroups of Degree 3},
  journal   = {Electr. J. Comb.},
  volume    = {19},
  number    = {2},
  year      = {2012},
  pages     = {P51}
}

@article{monoidenum2009,
  author    = {Andreas Distler and
               Tom Kelsey},
  title     = {The monoids of orders eight, nine {\&} ten},
  journal   = {Ann. Math. Artif. Intell.},
  volume    = {56},
  number    = {1},
  year      = {2009},
  pages     = {3-21}
}

@incollection{ord10semigroups,
year={2012},
isbn={978-3-642-33557-0},
booktitle={Principles and Practice of Constraint Programming},
series={Lecture Notes in Computer Science},
editor={Milano, Michela},
doi={10.1007/978-3-642-33558-7_63},
title={The Semigroups of Order 10},
url={http://dx.doi.org/10.1007/978-3-642-33558-7_63},
publisher={Springer Berlin Heidelberg},
keywords={Constraint Satisfaction; Mathematics; semigroup; Minion; symmetry breaking; distributed search},
author={Distler, Andreas and Jefferson, Chris and Kelsey, Tom and Kotthoff, Lars},
pages={883-899}
}
===SOFTWARE=====================================================================
@manual{smallsemi,
	author = "Andreas Distler and James D. Mitchell",
	key = "smallsemi",
	note = "\href{http://tinyurl.com/jdmitchell/smallsemi/}{\url{http://tinyurl.com/jdmitchell/smallsemi/}}",
	title = "{\textsc{Smallsemi} --- a data library of semigroups of small size, version 0.6.7}",
	year = 2013
}
