===BOOK=========================================================================
@Book{wildbook,
  author = 	 {John Rhodes},  
  title = 	 {Applications of Automata Theory and Algebra via the Mathematical Theory of Complexity to Biology, Physics, Psychology, Philosophy, and Games},
 publisher={World Scientific Press},
note = {Foreword by Morris W.\ Hirsch, edited by Chrystopher L.\ Nehaniv (Original version: University of California at Berkeley, Mathematics Library, 1971)},
  year = 	 2009
}


@book{CGTHandbook,
	author = "Holt, Derek and Eick, Bettina and O'Brien, Eamonn",
	publisher = "CRC Press",
	title = "{Handbook of Computational Group Theory}",
	year = "2005"
}

@book{ClassicalTransSemigroups2009,
	author = "Ganyushkin, Olexandr and Mazorchuk, Volodymyr",
	publisher = "Springer",
	series = "{Algebra and Applications}",
	title = "{Classical Transformation Semigroups}",
	year = "2009"
}

@book{QBook,
	author = "Rhodes, John and Steinberg, Benjamin",
	publisher = "Springer",
	title = "{The q-theory of Finite Semigroups}",
	year = 2008
}

@Book{eilenberg,
  author = 	 {Samuel Eilenberg},
  title = 	 {Automata, Languages and Machines},
  publisher = 	 {Academic Press},
  year = 	 1976,
  volume = 	 {B}
}

@Book{automatanetworks2005,
  author = 	 {P{\'a}l D{\"o}m{\"o}si and Chrystopher L. Nehaniv},
  title = 	 {Algebraic Theory of Finite Automata Networks: An Introduction},
  publisher = {Society for Industrial and Applied Mathematics},
  series = {SIAM Series on Discrete Mathematics and Applications},
  volume=11,
  year = 	 {2005}
}

===ARTICLE======================================================================

@Article{primedecomp65,
  author = 	 {Kenneth Krohn and John Rhodes},
  title = 	 {Algebraic Theory of Machines. {I}. {P}rime Decomposition Theorem for Finite Semigroups and Machines},
  journal = 	 {Transactions of the American Mathematical Society},
  year = 	 1965,
  volume = 	 116,
  pages = 	 {450-464},
  month = 	 {April}
}

@InCollection{primedecomp68,
  author = 	 {Kenneth Krohn and John L. Rhodes and Bret R. Tilson},
  editor = 	 {Michael A. Arbib},
  booktitle = 	 {Algebraic Theory of Machines, Languages, and Semigroups}, 
  chapter = 	 {5},
  title={The Prime Decomposition Theorem of the Algebraic Theory of Machines},
  publisher = 	 {Academic Press},
  year = 	 1968,
  pages = 	 {81-125}
}


@Article{PartBinRel2013,
  author = {Paul Martin and Volodymyr Mazorchuk},
  title = 	 {Partitioned Binary Relations},
  journal = 	 {Mathematica Scandinavica},
  year = 	 {2013},
  volume = 	 {113},
  number = 	 {1},
  pages = 	 {30-52}
}

@article{Pfeiffer04CountingSubGroups,
	author = "Pfeiffer, G{\"o}tz",
	journal = "Journal of Integer Sequences",
	number = "04.3.2",
	title = "{Counting Transitive Relations}",
	volume = "7",
	year = "2004"
}

@article{NumOf3NilPotentSgps2012,
  author    = {Andreas Distler and James D. Mitchell},
  title     = {The Number of Nilpotent Semigroups of Degree 3},
  journal   = {Electr. J. Comb.},
  volume    = {19},
  number    = {2},
  year      = {2012},
  pages     = {P51}
}

@article{monoidenum2009,
  author    = {Andreas Distler and
               Tom Kelsey},
  title     = {The monoids of orders eight, nine {\&} ten},
  journal   = {Ann. Math. Artif. Intell.},
  volume    = {56},
  number    = {1},
  year      = {2009},
  pages     = {3-21}
}

@incollection{ord10semigroups,
year={2012},
isbn={978-3-642-33557-0},
booktitle={Principles and Practice of Constraint Programming},
series={Lecture Notes in Computer Science},
editor={Milano, Michela},
doi={10.1007/978-3-642-33558-7_63},
title={The Semigroups of Order 10},
url={http://dx.doi.org/10.1007/978-3-642-33558-7_63},
publisher={Springer Berlin Heidelberg},
keywords={Constraint Satisfaction; Mathematics; semigroup; Minion; symmetry breaking; distributed search},
author={Distler, Andreas and Jefferson, Chris and Kelsey, Tom and Kotthoff, Lars},
pages={883-899}
}

@article{MaxSubSemi,
title = "Maximal subsemigroups of finite semigroups ",
journal = "Journal of Combinatorial Theory ",
volume = "4",
number = "3",
pages = "203 - 209",
year = "1968",
note = "",
issn = "0021-9800",
doi = "http://dx.doi.org/10.1016/S0021-9800(68)80001-8",
author = "N. Graham and R. Graham and J. Rhodes"
}


@Article{BrauerTypeMonoids,
  author = 	 {Karl Auinger},
  title = 	 {Pseudovarieties generated by {B}rauer type monoids},
  journal = 	 {Forum Mathematicum},
  year = 	 2011
}

===SOFTWARE=====================================================================
@manual{smallsemi,
	author = "Andreas Distler and James D. Mitchell",
	key = "smallsemi",
	note = "\href{http://tinyurl.com/jdmitchell/smallsemi/}{\url{http://tinyurl.com/jdmitchell/smallsemi/}}",
	title = "{\textsc{Smallsemi} --- a data library of semigroups of small size, version 0.6.7}",
	year = 2013
}
@manual{sgpdec,
  author = 	 {Attila Egri-Nagy and Chrystopher L. Nehaniv and James D. Mitchell},
  title = 	 {\textsc{{S}gp{D}ec} -- software package for hierarchical decompositions and coordinate systems, Version 0.7+},
  note = { \href{http://sgpdec.sf.net}{\url{http://sgpdec.sf.net}} },
  year = 	 {2013}
}
@manual{Semigroups,
	author = "Mitchell, James",
	note = "\href{http://www-groups.mcs.st-andrews.ac.uk/~jamesm/semigroups.php}{\url{http://www-groups.mcs.st-andrews.ac.uk/~jamesm/semigroups.php}}",
	title = "Semigroups Version 1.4",
	year = "2013"
}
